<?xml version="1.0" encoding="UTF-8"?><collection xmlns="http://www.loc.gov/MARC21/slim"><record><leader>00473nam--2200157-i-4500</leader><controlfield tag="001">000022206</controlfield><controlfield tag="002">20161230</controlfield><controlfield tag="005">20161230201034</controlfield><controlfield tag="008">060222s1000------------r-----000-0-eng-d</controlfield><datafield ind1=" " ind2=" " tag="080"><subfield code="a">517.43:517.5:517.947</subfield></datafield><datafield ind1="1" ind2=" " tag="100"><subfield code="a">Hormander, Lars</subfield></datafield><datafield ind1="1" ind2="0" tag="245"><subfield code="a">Linear partial differential operators</subfield></datafield><datafield ind1=" " ind2=" " tag="260"><subfield code="a">Berlin, Springer-verlag, 1963. Vii + 284p</subfield></datafield><datafield ind1=" " ind2=" " tag="490"><subfield code="a">Die Grundlehren Der Mathematischen Wissenschaften</subfield><subfield code="v">band 116</subfield></datafield><datafield ind1=" " ind2=" " tag="852"><subfield code="a">18874</subfield><subfield code="c">517.9</subfield></datafield><datafield ind1=" " ind2=" " tag="CAT"><subfield code="a">Sys</subfield><subfield code="c">20080930</subfield><subfield code="h">125452</subfield></datafield></record></collection>